@article{hennig2015true,
  title={What are the true clusters?},
  author={Hennig, Christian},
  journal={Pattern Recognition Letters},
  volume={64},
  pages={53--62},
  year={2015},
  publisher={Elsevier}
}

@article{molitor2010bayesian,
  title={Bayesian profile regression with an application to the National Survey of Children's Health},
  author={Molitor, John and Papathomas, Michail and Jerrett, Michael and Richardson, Sylvia},
  journal={Biostatistics},
  volume={11},
  number={3},
  pages={484--498},
  year={2010},
  publisher={Oxford University Press}
}

@inproceedings{von2012clustering,
  title={Clustering: Science or art?},
  author={Von Luxburg, Ulrike and Williamson, Robert C and Guyon, Isabelle},
  booktitle={Proceedings of ICML Workshop on Unsupervised and Transfer Learning},
  pages={65--79},
  year={2012}
}

@article{mercier1912formal,
  title={Formal Logic: A Scientific and Social Problem. By FCS Schiller, MA, D. Sc. London: Macmillan, 1912. Price 10s.},
  author={Mercier, CA},
  journal={Journal of Mental Science},
  volume={58},
  number={241},
  pages={335--341},
  year={1912},
  publisher={Cambridge University Press}
}

@article{gelman2013garden,
  title={The garden of forking paths: Why multiple comparisons can be a problem, even when there is no “fishing expedition” or “p-hacking” and the research hypothesis was posited ahead of time},
  author={Gelman, Andrew and Loken, Eric},
  journal={Department of Statistics, Columbia University},
  year={2013}
}
