@incollection{gonen2014localized,
title = {Localized Data Fusion for Kernel k-Means Clustering with Application to Cancer Biology},
author = {G\"{o}nen, Mehmet and Margolin, Adam A},
booktitle = {Advances in Neural Information Processing Systems 27},
editor = {Z. Ghahramani and M. Welling and C. Cortes and N. D. Lawrence and K. Q. Weinberger},
pages = {1305--1313},
year = {2014},
publisher = {Curran Associates, Inc.},
url = {http://papers.nips.cc/paper/5236-localized-data-fusion-for-kernel-k-means-clustering-with-application-to-cancer-biology.pdf}
}
