
@article{shen2009integrative,
  title={Integrative clustering of multiple genomic data types using a joint latent variable model with application to breast and lung cancer subtype analysis},
  author={Shen, Ronglai and Olshen, Adam B and Ladanyi, Marc},
  journal={Bioinformatics},
  volume={25},
  number={22},
  pages={2906--2912},
  year={2009},
  publisher={Oxford University Press}
}

@inproceedings{zha2002spectral,
  title={Spectral relaxation for k-means clustering},
  author={Zha, Hongyuan and He, Xiaofeng and Ding, Chris and Gu, Ming and Simon, Horst D},
  booktitle={Advances in neural information processing systems},
  pages={1057--1064},
  year={2002}
}
