@article{lock2013joint,
  title={Joint and individual variation explained (JIVE) for integrated analysis of multiple data types},
  author={Lock, Eric F and Hoadley, Katherine A and Marron, James Stephen and Nobel, Andrew B},
  journal={The annals of applied statistics},
  volume={7},
  number={1},
  pages={523},
  year={2013},
  publisher={NIH Public Access}
}

@article{o2016r,
  title={R. JIVE for exploration of multi-source molecular data},
  author={Oâ€™Connell, Michael J and Lock, Eric F},
  journal={Bioinformatics},
  volume={32},
  number={18},
  pages={2877--2879},
  year={2016},
  publisher={Oxford University Press}
}

@article{kirk2012bayesian,
  title={Bayesian correlated clustering to integrate multiple datasets},
  author={Kirk, Paul and Griffin, Jim E and Savage, Richard S and Ghahramani, Zoubin and Wild, David L},
  journal={Bioinformatics},
  volume={28},
  number={24},
  pages={3290--3297},
  year={2012},
  publisher={Oxford University Press}
}

