@article{gabasova2017clusternomics,
  title={Clusternomics: Integrative context-dependent clustering for heterogeneous datasets},
  author={Gabasova, Evelina and Reid, John and Wernisch, Lorenz},
  journal={PLoS computational biology},
  volume={13},
  number={10},
  pages={e1005781},
  year={2017},
  publisher={Public Library of Science}
}

@article{green2001modelling,
  title={Modelling heterogeneity with and without the Dirichlet process},
  author={Green, Peter J and Richardson, Sylvia},
  journal={Scandinavian journal of statistics},
  volume={28},
  number={2},
  pages={355--375},
  year={2001},
  publisher={Wiley Online Library}
}

@article{savage2013identifying,
  title={Identifying cancer subtypes in glioblastoma by combining genomic, transcriptomic and epigenomic data},
  author={Savage, Richard S and Ghahramani, Zoubin and Griffin, Jim E and Kirk, Paul and Wild, David L},
  journal={arXiv preprint arXiv:1304.3577},
  year={2013}
}

