
@article{cancer2008comprehensive,
  title={Comprehensive genomic characterization defines human glioblastoma genes and core pathways},
  author={Cancer Genome Atlas Research Network and others},
  journal={Nature},
  volume={455},
  number={7216},
  pages={1061},
  year={2008},
  publisher={Nature Publishing Group}
}

@article{fang1994uniform,
  title={Uniform Design and Uniform Design Tables, Sci},
  author={Fang, KT},
  journal={Press, Beijing, China},
  year={1994}
}

