@article{hubert1985comparing,
  title={Comparing partitions},
  author={Hubert, Lawrence and Arabie, Phipps},
  journal={Journal of classification},
  volume={2},
  number={1},
  pages={193--218},
  year={1985},
  publisher={Springer}
}

@article{rand1971objective,
  title={Objective criteria for the evaluation of clustering methods},
  author={Rand, William M},
  journal={Journal of the American Statistical association},
  volume={66},
  number={336},
  pages={846--850},
  year={1971},
  publisher={Taylor \& Francis Group}
}

@inproceedings{law2003feature,
  title={Feature selection in mixture-based clustering},
  author={Law, Martin H and Jain, Anil K and Figueiredo, M{\'a}rio},
  booktitle={Advances in neural information processing systems},
  pages={641--648},
  year={2003}
}

@article{brennan1974measuring,
  title={Measuring agreement when two observers classify people into categories not defined in advance},
  author={Brennan, Robert L and Light, Richard J},
  journal={British Journal of Mathematical and Statistical Psychology},
  volume={27},
  number={2},
  pages={154--163},
  year={1974},
  publisher={Wiley Online Library}
}

@article{fritsch2009improved,
  title={Improved criteria for clustering based on the posterior similarity matrix},
  author={Fritsch, Arno and Ickstadt, Katja and others},
  journal={Bayesian analysis},
  volume={4},
  number={2},
  pages={367--391},
  year={2009},
  publisher={International Society for Bayesian Analysis}
}
