@article{lock2013bayesian,
  title={Bayesian consensus clustering},
  author={Lock, Eric F and Dunson, David B},
  journal={Bioinformatics},
  volume={29},
  number={20},
  pages={2610--2616},
  year={2013},
  publisher={Oxford University Press}
}

@article{gabasova2017clusternomics,
  title={Clusternomics: Integrative context-dependent clustering for heterogeneous datasets},
  author={Gabasova, Evelina and Reid, John and Wernisch, Lorenz},
  journal={PLoS computational biology},
  volume={13},
  number={10},
  pages={e1005781},
  year={2017},
  publisher={Public Library of Science}
}

@article{green2001modelling,
  title={Modelling heterogeneity with and without the Dirichlet process},
  author={Green, Peter J and Richardson, Sylvia},
  journal={Scandinavian journal of statistics},
  volume={28},
  number={2},
  pages={355--375},
  year={2001},
  publisher={Wiley Online Library}
}

@article{kirk2012bayesian,
  title={Bayesian correlated clustering to integrate multiple datasets},
  author={Kirk, Paul and Griffin, Jim E and Savage, Richard S and Ghahramani, Zoubin and Wild, David L},
  journal={Bioinformatics},
  volume={28},
  number={24},
  pages={3290--3297},
  year={2012},
  publisher={Oxford University Press}
}


