@article{cancer2012comprehensive,
  title={Comprehensive molecular portraits of human breast tumours},
  author={Cancer Genome Atlas Network and others},
  journal={Nature},
  volume={490},
  number={7418},
  pages={61},
  year={2012},
  publisher={Nature Publishing Group}
}

@article{lock2013bayesian,
  title={Bayesian consensus clustering},
  author={Lock, Eric F and Dunson, David B},
  journal={Bioinformatics},
  volume={29},
  number={20},
  pages={2610--2616},
  year={2013},
  publisher={Oxford University Press}
}

@article{hoadley2014multiplatform,
  title={Multiplatform analysis of 12 cancer types reveals molecular classification within and across tissues of origin},
  author={Hoadley, Katherine A and Yau, Christina and Wolf, Denise M and Cherniack, Andrew D and Tamborero, David and Ng, Sam and Leiserson, Max DM and Niu, Beifang and McLellan, Michael D and Uzunangelov, Vladislav and others},
  journal={Cell},
  volume={158},
  number={4},
  pages={929--944},
  year={2014},
  publisher={Elsevier}
}

