@article{quintana2006predictive,
  title={A predictive view of Bayesian clustering},
  author={Quintana, Fernando A},
  journal={Journal of Statistical Planning and Inference},
  volume={136},
  number={8},
  pages={2407--2429},
  year={2006},
  publisher={Elsevier}
}

@article{wade2018bayesian,
  title={Bayesian cluster analysis: Point estimation and credible balls (with discussion)},
  author={Wade, Sara and Ghahramani, Zoubin and others},
  journal={Bayesian Analysis},
  volume={13},
  number={2},
  pages={559--626},
  year={2018},
  publisher={International Society for Bayesian Analysis}
}

@article{fritsch2009improved,
  title={Improved criteria for clustering based on the posterior similarity matrix},
  author={Fritsch, Arno and Ickstadt, Katja and others},
  journal={Bayesian analysis},
  volume={4},
  number={2},
  pages={367--391},
  year={2009},
  publisher={International Society for Bayesian Analysis}
}

@article{meilua2007comparing,
  title={Comparing clusteringsâ€”an information based distance},
  author={Meil{\u{a}}, Marina},
  journal={Journal of multivariate analysis},
  volume={98},
  number={5},
  pages={873--895},
  year={2007},
  publisher={Elsevier}
}

@article{binder1978bayesian,
  title={Bayesian cluster analysis},
  author={Binder, David A},
  journal={Biometrika},
  volume={65},
  number={1},
  pages={31--38},
  year={1978},
  publisher={Oxford University Press}
}
