@article{hubert1985comparing,
  title={Comparing partitions},
  author={Hubert, Lawrence and Arabie, Phipps},
  journal={Journal of classification},
  volume={2},
  number={1},
  pages={193--218},
  year={1985},
  publisher={Springer}
}

@article{rand1971objective,
  title={Objective criteria for the evaluation of clustering methods},
  author={Rand, William M},
  journal={Journal of the American Statistical association},
  volume={66},
  number={336},
  pages={846--850},
  year={1971},
  publisher={Taylor \& Francis Group}
}

@inproceedings{law2003feature,
  title={Feature selection in mixture-based clustering},
  author={Law, Martin H and Jain, Anil K and Figueiredo, M{\'a}rio},
  booktitle={Advances in neural information processing systems},
  pages={641--648},
  year={2003}
}

@article{brennan1974measuring,
  title={Measuring agreement when two observers classify people into categories not defined in advance},
  author={Brennan, Robert L and Light, Richard J},
  journal={British Journal of Mathematical and Statistical Psychology},
  volume={27},
  number={2},
  pages={154--163},
  year={1974},
  publisher={Wiley Online Library}
}

@article{fritsch2009improved,
  title={Improved criteria for clustering based on the posterior similarity matrix},
  author={Fritsch, Arno and Ickstadt, Katja and others},
  journal={Bayesian analysis},
  volume={4},
  number={2},
  pages={367--391},
  year={2009},
  publisher={International Society for Bayesian Analysis}
}

@article{gelman1992inference,
  title={Inference from iterative simulation using multiple sequences},
  author={Gelman, Andrew and Rubin, Donald B and others},
  journal={Statistical science},
  volume={7},
  number={4},
  pages={457--472},
  year={1992},
  publisher={Institute of Mathematical Statistics}
}

@article{geweke1992evaluating,
  title={Evaluating the accuracy of sampling-based approaches to the calculations of posterior moments},
  author={Geweke, John},
  journal={Bayesian statistics},
  volume={4},
  pages={641--649},
  year={1992},
  publisher={Clarendon Press}
}

@article{geman1984stochastic,
  title={Stochastic relaxation, Gibbs distributions, and the Bayesian restoration of images},
  author={Geman, Stuart and Geman, Donald},
  journal={IEEE Transactions on pattern analysis and machine intelligence},
  number={6},
  pages={721--741},
  year={1984},
  publisher={IEEE}
}

@article{hennig2015true,
  title={What are the true clusters?},
  author={Hennig, Christian},
  journal={Pattern Recognition Letters},
  volume={64},
  pages={53--62},
  year={2015},
  publisher={Elsevier}
}

@article{molitor2010bayesian,
  title={Bayesian profile regression with an application to the National Survey of Children's Health},
  author={Molitor, John and Papathomas, Michail and Jerrett, Michael and Richardson, Sylvia},
  journal={Biostatistics},
  volume={11},
  number={3},
  pages={484--498},
  year={2010},
  publisher={Oxford University Press}
}

@inproceedings{von2012clustering,
  title={Clustering: Science or art?},
  author={Von Luxburg, Ulrike and Williamson, Robert C and Guyon, Isabelle},
  booktitle={Proceedings of ICML Workshop on Unsupervised and Transfer Learning},
  pages={65--79},
  year={2012}
}

@article{mercier1912formal,
  title={Formal Logic: A Scientific and Social Problem. By FCS Schiller, MA, D. Sc. London: Macmillan, 1912. Price 10s.},
  author={Mercier, CA},
  journal={Journal of Mental Science},
  volume={58},
  number={241},
  pages={335--341},
  year={1912},
  publisher={Cambridge University Press}
}

@article{gelman2013garden,
  title={The garden of forking paths: Why multiple comparisons can be a problem, even when there is no “fishing expedition” or “p-hacking” and the research hypothesis was posited ahead of time},
  author={Gelman, Andrew and Loken, Eric},
  journal={Department of Statistics, Columbia University},
  year={2013}
}

@article{meinshausen2010stability,
  title={Stability selection},
  author={Meinshausen, Nicolai and B{\"u}hlmann, Peter},
  journal={Journal of the Royal Statistical Society: Series B (Statistical Methodology)},
  volume={72},
  number={4},
  pages={417--473},
  year={2010},
  publisher={Wiley Online Library}
}

@article{monti2003consensus,
  title={Consensus clustering: a resampling-based method for class discovery and visualization of gene expression microarray data},
  author={Monti, Stefano and Tamayo, Pablo and Mesirov, Jill and Golub, Todd},
  journal={Machine learning},
  volume={52},
  number={1-2},
  pages={91--118},
  year={2003},
  publisher={Springer}
}

@Article{wilkerson2010consensusclusterplus,
    author = {{Wilkerson} and Matthew D. and {Hayes} and D. Neil},
    title = {ConsensusClusterPlus: a class discovery tool with confidence assessments and item tracking},
    volume = {26},
    number = {12},
    pages = {1572-1573},
    year = {2010},
    url = {http://bioinformatics.oxfordjournals.org/content/26/12/1572.abstract},
    journal = {Bioinformatics},
  }

  @article{savage2013identifying,
    title={Identifying cancer subtypes in glioblastoma by combining genomic, transcriptomic and epigenomic data},
    author={Savage, Richard S and Ghahramani, Zoubin and Griffin, Jim E and Kirk, Paul and Wild, David L},
    journal={arXiv preprint arXiv:1304.3577},
    year={2013}
  }

  @article{kirk2012bayesian,
    title={Bayesian correlated clustering to integrate multiple datasets},
    author={Kirk, Paul and Griffin, Jim E and Savage, Richard S and Ghahramani, Zoubin and Wild, David L},
    journal={Bioinformatics},
    volume={28},
    number={24},
    pages={3290--3297},
    year={2012},
    publisher={Oxford University Press}
  }

  @article{mason2016mdi,
    title={MDI-GPU: accelerating integrative modelling for genomic-scale data using GP-GPU computing},
    author={Mason, Samuel A and Sayyid, Faiz and Kirk, Paul DW and Starr, Colin and Wild, David L},
    journal={Statistical applications in genetics and molecular biology},
    volume={15},
    number={1},
    pages={83--86},
    year={2016},
    publisher={De Gruyter}
  }

  @article{lock2013bayesian,
    title={Bayesian consensus clustering},
    author={Lock, Eric F and Dunson, David B},
    journal={Bioinformatics},
    volume={29},
    number={20},
    pages={2610--2616},
    year={2013},
    publisher={Oxford University Press}
  }

  @article{gabasova2017clusternomics,
    title={Clusternomics: Integrative context-dependent clustering for heterogeneous datasets},
    author={Gabasova, Evelina and Reid, John and Wernisch, Lorenz},
    journal={PLoS computational biology},
    volume={13},
    number={10},
    pages={e1005781},
    year={2017},
    publisher={Public Library of Science}
  }

  @article{argelaguet2019mofaplus,
    title={MOFA+: a probabilistic framework for comprehensive integration of structured single-cell data},
    author={Argelaguet, Ricard and Arnol, Damien and Bredikhin, Danila and Deloro, Yonatan and Velten, Britta and Marioni, John C and Stegle, Oliver},
    journal={BioRxiv},
    pages={837104},
    year={2019},
    publisher={Cold Spring Harbor Laboratory}
  }

  @article{argelaguet2018multi,
  title={Multi-Omics Factor Analysis—a framework for unsupervised integration of multi-omics data sets},
  author={Argelaguet, Ricard and Velten, Britta and Arnol, Damien and Dietrich, Sascha and Zenz, Thorsten and Marioni, John C and Buettner, Florian and Huber, Wolfgang and Stegle, Oliver},
  journal={Molecular systems biology},
  volume={14},
  number={6},
  year={2018},
  publisher={John Wiley \& Sons, Ltd}
}

@article{shen2009integrative,
  title={Integrative clustering of multiple genomic data types using a joint latent variable model with application to breast and lung cancer subtype analysis},
  author={Shen, Ronglai and Olshen, Adam B and Ladanyi, Marc},
  journal={Bioinformatics},
  volume={25},
  number={22},
  pages={2906--2912},
  year={2009},
  publisher={Oxford University Press}
}

@article{mo2018fully,
  title={A fully Bayesian latent variable model for integrative clustering analysis of multi-type omics data},
  author={Mo, Qianxing and Shen, Ronglai and Guo, Cui and Vannucci, Marina and Chan, Keith S and Hilsenbeck, Susan G},
  journal={Biostatistics},
  volume={19},
  number={1},
  pages={71--86},
  year={2018},
  publisher={Oxford University Press}
}

@article{crook2019fast,
  title={Fast approximate inference for variable selection in Dirichlet process mixtures, with an application to pan-cancer proteomics},
  author={Crook, Oliver M and Gatto, Laurent and Kirk, Paul DW},
  journal={Statistical Applications in Genetics and Molecular Biology},
  volume={18},
  number={6},
  year={2019},
  publisher={De Gruyter}
}

@article{neal2000markov,
  title={Markov chain sampling methods for Dirichlet process mixture models},
  author={Neal, Radford M},
  journal={Journal of computational and graphical statistics},
  volume={9},
  number={2},
  pages={249--265},
  year={2000},
  publisher={Taylor \& Francis}
}

@article{jain2004split,
  title={A split-merge Markov chain Monte Carlo procedure for the Dirichlet process mixture model},
  author={Jain, Sonia and Neal, Radford M},
  journal={Journal of computational and Graphical Statistics},
  volume={13},
  number={1},
  pages={158--182},
  year={2004},
  publisher={Taylor \& Francis}
}

@article{ferguson1973bayesian,
  title={A Bayesian analysis of some nonparametric problems},
  author={Ferguson, Thomas S},
  journal={The annals of statistics},
  pages={209--230},
  year={1973},
  publisher={JSTOR}
}

@article{blei2017variational,
  title={Variational inference: A review for statisticians},
  author={Blei, David M and Kucukelbir, Alp and McAuliffe, Jon D},
  journal={Journal of the American statistical Association},
  volume={112},
  number={518},
  pages={859--877},
  year={2017},
  publisher={Taylor \& Francis}
}

@article{blei2006variational,
  title={Variational inference for Dirichlet process mixtures},
  author={Blei, David M and Jordan, Michael I and others},
  journal={Bayesian analysis},
  volume={1},
  number={1},
  pages={121--143},
  year={2006},
  publisher={International Society for Bayesian Analysis}
}

@article{cancer2012comprehensive,
  title={Comprehensive molecular portraits of human breast tumours},
  author={Cancer Genome Atlas Network and others},
  journal={Nature},
  volume={490},
  number={7418},
  pages={61},
  year={2012},
  publisher={Nature Publishing Group}
}

@article{cabassi2019multiple,
  title={Multiple kernel learning for integrative consensus clustering of genomic datasets},
  author={Cabassi, Alessandra and Kirk, Paul DW},
  journal={arXiv preprint arXiv:1904.07701},
  year={2019}
}

@book{fidell2001using,
  title={Using multivariate statistics},
  author={Fidell, Linda S},
  year={2001},
  publisher={Allyn and Bacon}
}

@book{manly2016multivariate,
  title={Multivariate statistical methods: a primer},
  author={Manly, Bryan FJ and Alberto, Jorge A Navarro},
  year={2016},
  publisher={CRC press}
}

@book{stevens2012applied,
  title={Applied multivariate statistics for the social sciences},
  author={Stevens, James P},
  year={2012},
  publisher={Routledge}
}

@article{fraley2002model,
  title={Model-based clustering, discriminant analysis, and density estimation},
  author={Fraley, Chris and Raftery, Adrian E},
  journal={Journal of the American statistical Association},
  volume={97},
  number={458},
  pages={611--631},
  year={2002},
  publisher={Taylor \& Francis}
}

@article{guo2017cluster,
  title={Cluster analysis: a new approach for identification of underlying risk factors for coronary artery disease in essential hypertensive patients},
  author={Guo, Qi and Lu, Xiaoni and Gao, Ya and Zhang, Jingjing and Yan, Bin and Su, Dan and Song, Anqi and Zhao, Xi and Wang, Gang},
  journal={Scientific reports},
  volume={7},
  pages={43965},
  year={2017},
  publisher={Nature Publishing Group}
}

@article{berger2018comprehensive,
  title={A comprehensive pan-cancer molecular study of gynecologic and breast cancers},
  author={Berger, Ashton C and Korkut, Anil and Kanchi, Rupa S and Hegde, Apurva M and Lenoir, Walter and Liu, Wenbin and Liu, Yuexin and Fan, Huihui and Shen, Hui and Ravikumar, Visweswaran and others},
  journal={Cancer cell},
  volume={33},
  number={4},
  pages={690--705},
  year={2018},
  publisher={Elsevier}
}

@article{van2017cluster,
  title={Cluster analysis to identify possible subgroups in tinnitus patients},
  author={van den Berge, Minke JC and Free, Rolien H and Arnold, Rosemarie and de Kleine, Emile and Hofman, Rutger and van Dijk, J Marc C and van Dijk, Pim},
  journal={Frontiers in neurology},
  volume={8},
  pages={115},
  year={2017},
  publisher={Frontiers}
}

@article{gameiro2018precision,
  title={Precision Medicine: Changing the way we think about healthcare},
  author={Gameiro, Gustavo Rosa and Sinkunas, Viktor and Liguori, Gabriel Romero and Auler-J{\'u}nior, Jos{\'e} Otavio Costa},
  journal={Clinics},
  volume={73},
  year={2018},
  publisher={SciELO Brasil}
}

@article{crook2018bayesian,
  title={A Bayesian mixture modelling approach for spatial proteomics},
  author={Crook, Oliver M and Mulvey, Claire M and Kirk, Paul DW and Lilley, Kathryn S and Gatto, Laurent},
  journal={PLoS computational biology},
  volume={14},
  number={11},
  year={2018},
  publisher={Public Library of Science}
}

@article{ortega2014cluster,
  title={Cluster analysis and characterization of response to mepolizumab. A step closer to personalized medicine for patients with severe asthma},
  author={Ortega, Hector and Li, Hao and Suruki, Robert and Albers, Frank and Gordon, David and Yancey, Steven},
  journal={Annals of the American Thoracic Society},
  volume={11},
  number={7},
  pages={1011--1017},
  year={2014},
  publisher={American Thoracic Society}
}

@article{stahl2012model,
  title={Model-based cluster analysis},
  author={Stahl, Daniel and Sallis, Hannah},
  journal={Wiley Interdisciplinary Reviews: Computational Statistics},
  volume={4},
  number={4},
  pages={341--358},
  year={2012},
  publisher={Wiley Online Library}
}

@article{singh2005combining,
  title={COMBINING INFORMATION FROM INDEPENDENT SOURCES THROUGH CONFIDENCE DISTRIBUTIONS1},
  author={Singh, Kesar and Xie, Minge and Strawderman, William E},
  journal={The Annals of Statistics},
  volume={33},
  number={1},
  pages={159--183},
  year={2005}
}

@article{fraley2007bayesian,
  title={Bayesian regularization for normal mixture estimation and model-based clustering},
  author={Fraley, Chris and Raftery, Adrian E},
  journal={Journal of classification},
  volume={24},
  number={2},
  pages={155--181},
  year={2007},
  publisher={Springer}
}

@article{metropolis1949monte,
  title={The monte carlo method},
  author={Metropolis, Nicholas and Ulam, Stanislaw},
  journal={Journal of the American statistical association},
  volume={44},
  number={247},
  pages={335--341},
  year={1949},
  publisher={Taylor \& Francis}
}

@article{metropolis1953equation,
  title={Equation of state calculations by fast computing machines},
  author={Metropolis, Nicholas and Rosenbluth, Arianna W and Rosenbluth, Marshall N and Teller, Augusta H and Teller, Edward},
  journal={The journal of chemical physics},
  volume={21},
  number={6},
  pages={1087--1092},
  year={1953},
  publisher={American Institute of Physics}
}

@article{hastings1970monte,
  title={Monte Carlo sampling methods using Markov chains and their applications},
  author={Hastings, W Keith},
  year={1970},
  publisher={Oxford University Press}
}

@article{lock2013joint,
  title={Joint and individual variation explained (JIVE) for integrated analysis of multiple data types},
  author={Lock, Eric F and Hoadley, Katherine A and Marron, James Stephen and Nobel, Andrew B},
  journal={The annals of applied statistics},
  volume={7},
  number={1},
  pages={523},
  year={2013},
  publisher={NIH Public Access}
}

@article{green2001modelling,
  title={Modelling heterogeneity with and without the Dirichlet process},
  author={Green, Peter J and Richardson, Sylvia},
  journal={Scandinavian journal of statistics},
  volume={28},
  number={2},
  pages={355--375},
  year={2001},
  publisher={Wiley Online Library}
}

@article{rappoport2020monet,
  title={MONET: Multi-omic patient module detection by omic selection},
  author={Rappoport, Nimrod and Safra, Roy and Shamir, Ron},
  journal={bioRxiv},
  year={2020},
  publisher={Cold Spring Harbor Laboratory}
}

@article{afrin2020directionally,
  title={Directionally Dependent Multi-View Clustering Using Copula Model},
  author={Afrin, Kahkashan and Iquebal, Ashif S and Karimi, Mostafa and Souris, Allyson and Lee, Se Yoon and Mallick, Bani K},
  journal={arXiv preprint arXiv:2003.07494},
  year={2020}
}

@article{hulot2020fast,
  title={Fast tree aggregation for consensus hierarchical clustering},
  author={Hulot, Audrey and Chiquet, Julien and Jaffr{\'e}zic, Florence and Rigaill, Guillem},
  journal={BMC bioinformatics},
  volume={21},
  number={1},
  pages={1--12},
  year={2020},
  publisher={BioMed Central}
}

@article{hasin2017multi,
  title={Multi-omics approaches to disease},
  author={Hasin, Yehudit and Seldin, Marcus and Lusis, Aldons},
  journal={Genome biology},
  volume={18},
  number={1},
  pages={83},
  year={2017},
  publisher={BioMed Central}
}

@article{integrative2014integrative,
  title={The Integrative Human Microbiome Project: dynamic analysis of microbiome-host omics profiles during periods of human health and disease.},
  author={Integrative, HMP},
  journal={Cell host \& microbe},
  volume={16},
  number={3},
  pages={276},
  year={2014}
}

@article{wang2016integrative,
  title={Integrative clustering methods of multi-omics data for molecule-based cancer classifications},
  author={Wang, Dongfang and Gu, Jin},
  journal={Quantitative Biology},
  volume={4},
  number={1},
  pages={58--67},
  year={2016},
  publisher={Springer}
}

@article{rappoport2018multi,
  title={Multi-omic and multi-view clustering algorithms: review and cancer benchmark},
  author={Rappoport, Nimrod and Shamir, Ron},
  journal={Nucleic acids research},
  volume={46},
  number={20},
  pages={10546--10562},
  year={2018},
  publisher={Oxford University Press}
}

@article{lemsara2020pathme,
  title={PathME: pathway based multi-modal sparse autoencoders for clustering of patient-level multi-omics data},
  author={Lemsara, Amina and Ouadfel, Salima and Fr{\"o}hlich, Holger},
  journal={BMC bioinformatics},
  volume={21},
  number={1},
  pages={1--20},
  year={2020},
  publisher={BioMed Central}
}

@article{seal2020estimating,
  title={Estimating gene expression from DNA methylation and copy number variation: A deep learning regression model for multi-omics integration},
  author={Seal, Dibyendu Bikash and Das, Vivek and Goswami, Saptarsi and De, Rajat K},
  journal={Genomics},
  year={2020},
  publisher={Elsevier}
}

@incollection{gonen2014localized,
title = {Localized Data Fusion for Kernel k-Means Clustering with Application to Cancer Biology},
author = {G\"{o}nen, Mehmet and Margolin, Adam A},
booktitle = {Advances in Neural Information Processing Systems 27},
editor = {Z. Ghahramani and M. Welling and C. Cortes and N. D. Lawrence and K. Q. Weinberger},
pages = {1305--1313},
year = {2014},
publisher = {Curran Associates, Inc.},
url = {http://papers.nips.cc/paper/5236-localized-data-fusion-for-kernel-k-means-clustering-with-application-to-cancer-biology.pdf}
}

@article{park2020integrative,
  title={Integrative factorization of bidimensionally linked matrices},
  author={Park, Jun Young and Lock, Eric F},
  journal={Biometrics},
  volume={76},
  number={1},
  pages={61--74},
  year={2020},
  publisher={Wiley Online Library}
}

@article{lock2020bidimensional,
  title={Bidimensional linked matrix factorization for pan-omics pan-cancer analysis},
  author={Lock, Eric F and Park, Jun Young and Hoadley, Katherine A},
  journal={arXiv preprint arXiv:2002.02601},
  year={2020}
}

@article{markello2020integrated,
  title={Integrated morphometric, molecular, and clinical characterization of Parkinson's disease pathology},
  author={Markello, Ross D and Shafiei, Golia and Tremblay, Christina and Postuma, Ronald B and Dagher, Alain and Misic, Bratislav},
  journal={BioRxiv},
  year={2020},
  publisher={Cold Spring Harbor Laboratory}
}

@article{bock1985some,
  title={On some significance tests in cluster analysis},
  author={Bock, Hans-Hermann},
  journal={Journal of classification},
  volume={2},
  number={1},
  pages={77--108},
  year={1985},
  publisher={Springer}
}

@article{liu2008statistical,
  title={Statistical significance of clustering for high-dimension, low--sample size data},
  author={Liu, Yufeng and Hayes, David Neil and Nobel, Andrew and Marron, James Stephen},
  journal={Journal of the American Statistical Association},
  volume={103},
  number={483},
  pages={1281--1293},
  year={2008},
  publisher={Taylor \& Francis}
}

@article{jordan1999introduction,
  title={An introduction to variational methods for graphical models},
  author={Jordan, Michael I and Ghahramani, Zoubin and Jaakkola, Tommi S and Saul, Lawrence K},
  journal={Machine learning},
  volume={37},
  number={2},
  pages={183--233},
  year={1999},
  publisher={Springer}
}

@inproceedings{welling2011bayesian,
  title={Bayesian learning via stochastic gradient Langevin dynamics},
  author={Welling, Max and Teh, Yee W},
  booktitle={Proceedings of the 28th international conference on machine learning (ICML-11)},
  pages={681--688},
  year={2011}
}

@inproceedings{ahmed2012scalable,
  title={Scalable inference in latent variable models},
  author={Ahmed, Amr and Aly, Moahmed and Gonzalez, Joseph and Narayanamurthy, Shravan and Smola, Alexander J},
  booktitle={Proceedings of the fifth ACM international conference on Web search and data mining},
  pages={123--132},
  year={2012}
}

@article{breiman2001random,
  title={Random forests},
  author={Breiman, Leo},
  journal={Machine learning},
  volume={45},
  number={1},
  pages={5--32},
  year={2001},
  publisher={Springer}
}

@book{bishop2006pattern,
  title={Pattern recognition and machine learning},
  author={Bishop, Christopher M},
  year={2006},
  publisher={springer}
}

@inproceedings{ranganath2014black,
  title={Black Box Variational Inference.},
  author={Ranganath, Rajesh and Gerrish, Sean and Blei, David M},
  booktitle={Proceedings of the Seventeenth International Conference on Artificial Intelligence and Statistics},
  year={2014}
}

@article{hoffman2013stochastic,
  title={Stochastic variational inference},
  author={Hoffman, Matthew D and Blei, David M and Wang, Chong and Paisley, John},
  journal={The Journal of Machine Learning Research},
  volume={14},
  number={1},
  pages={1303--1347},
  year={2013},
  publisher={JMLR. org}
}

@inproceedings{salimans2015markov,
  title={Markov chain monte carlo and variational inference: Bridging the gap},
  author={Salimans, Tim and Kingma, Diederik and Welling, Max},
  booktitle={International Conference on Machine Learning},
  pages={1218--1226},
  year={2015}
}

@article{brooks1998general,
  title={General methods for monitoring convergence of iterative simulations},
  author={Brooks, Stephen P and Gelman, Andrew},
  journal={Journal of computational and graphical statistics},
  volume={7},
  number={4},
  pages={434--455},
  year={1998},
  publisher={Taylor \& Francis Group}
}

@book{gelman2013bayesian,
  title={Bayesian data analysis},
  author={Gelman, Andrew and Carlin, John B and Stern, Hal S and Dunson, David B and Vehtari, Aki and Rubin, Donald B},
  year={2013},
  publisher={CRC press}
}

@article{vats2018revisiting,
  title={Revisiting the Gelman-Rubin diagnostic},
  author={Vats, Dootika and Knudson, Christina},
  journal={arXiv preprint arXiv:1812.09384},
  year={2018}
}

@book{ripley2009stochastic,
  title={Stochastic simulation},
  author={Ripley, Brian D},
  volume={316},
  year={2009},
  publisher={John Wiley \& Sons}
}

@manual{euclid300elements,
  title={Elements},
  author={Euclid},
  year={-300}
}

@article{liu1994collapsed,
  title={The collapsed Gibbs sampler in Bayesian computations with applications to a gene regulation problem},
  author={Liu, Jun S},
  journal={Journal of the American Statistical Association},
  volume={89},
  number={427},
  pages={958--966},
  year={1994},
  publisher={Taylor \& Francis Group}
}

@article{robert2018accelerating,
  title={Accelerating MCMC algorithms},
  author={Robert, Christian P and Elvira, V{\'\i}ctor and Tawn, Nick and Wu, Changye},
  journal={Wiley Interdisciplinary Reviews: Computational Statistics},
  volume={10},
  number={5},
  pages={e1435},
  year={2018},
  publisher={Wiley Online Library}
}

@article{green2001modelling,
  title={Modelling heterogeneity with and without the Dirichlet process},
  author={Green, Peter J and Richardson, Sylvia},
  journal={Scandinavian journal of statistics},
  volume={28},
  number={2},
  pages={355--375},
  year={2001},
  publisher={Wiley Online Library}
}

@article{jain2004split,
  title={A split-merge Markov chain Monte Carlo procedure for the Dirichlet process mixture model},
  author={Jain, Sonia and Neal, Radford M},
  journal={Journal of computational and Graphical Statistics},
  volume={13},
  number={1},
  pages={158--182},
  year={2004},
  publisher={Taylor \& Francis}
}

@article{kirkpatrick1983optimization,
  title={Optimization by simulated annealing},
  author={Kirkpatrick, Scott and Gelatt, C Daniel and Vecchi, Mario P},
  journal={science},
  volume={220},
  number={4598},
  pages={671--680},
  year={1983},
  publisher={American association for the advancement of science}
}

@article{atchade2011towards,
  title={Towards optimal scaling of Metropolis-coupled Markov chain Monte Carlo},
  author={Atchad{\'e}, Yves F and Roberts, Gareth O and Rosenthal, Jeffrey S},
  journal={Statistics and Computing},
  volume={21},
  number={4},
  pages={555--568},
  year={2011},
  publisher={Springer}
}

@book{gelman2013bayesian,
  title={Bayesian data analysis},
  author={Gelman, Andrew and Carlin, John B and Stern, Hal S and Dunson, David B and Vehtari, Aki and Rubin, Donald B},
  year={2013},
  publisher={CRC press}
}

@article{pan2002model,
  title={Model-based cluster analysis of microarray gene-expression data},
  author={Pan, Wei and Lin, Jizhen and Le, Chap T},
  journal={Genome biology},
  volume={3},
  number={2},
  pages={research0009--1},
  year={2002},
  publisher={Springer}
}

@article{medvedovic2004bayesian,
  title={Bayesian mixture model based clustering of replicated microarray data},
  author={Medvedovic, Mario and Yeung, Ka Yee and Bumgarner, Roger Eugene},
  journal={Bioinformatics},
  volume={20},
  number={8},
  pages={1222--1232},
  year={2004},
  publisher={Oxford University Press}
}

@article{dahl2006model,
  title={Model-based clustering for expression data via a Dirichlet process mixture model},
  author={Dahl, David B},
  journal={Bayesian inference for gene expression and proteomics},
  volume={4},
  pages={201--218},
  year={2006},
  publisher={Cambridge University Press Cambridge}
}
