@Manual{R-base,
  title = {R: A Language and Environment for Statistical Computing},
  author = {{R Core Team}},
  organization = {R Foundation for Statistical Computing},
  address = {Vienna, Austria},
  year = {2020},
  url = {https://www.R-project.org/},
}
@Manual{R-bookdown,
  title = {bookdown: Authoring Books and Technical Documents with R Markdown},
  author = {Yihui Xie},
  year = {2020},
  note = {R package version 0.19},
  url = {https://CRAN.R-project.org/package=bookdown},
}
@Manual{R-coca,
  title = {coca: Cluster-of-Clusters Analysis},
  author = {Alessandra Cabassi},
  year = {2020},
  note = {R package version 1.0.4},
  url = {https://CRAN.R-project.org/package=coca},
}
@Manual{R-coda,
  title = {coda: Output Analysis and Diagnostics for MCMC},
  author = {Martyn Plummer and Nicky Best and Kate Cowles and Karen Vines and Deepayan Sarkar and Douglas Bates and Russell Almond and Arni Magnusson},
  year = {2019},
  note = {R package version 0.19-3},
  url = {https://CRAN.R-project.org/package=coda},
}
@Manual{R-dplyr,
  title = {dplyr: A Grammar of Data Manipulation},
  author = {Hadley Wickham and Romain François and Lionel Henry and Kirill Müller},
  year = {2020},
  note = {R package version 1.0.0},
  url = {https://CRAN.R-project.org/package=dplyr},
}
@Manual{R-ggplot2,
  title = {ggplot2: Create Elegant Data Visualisations Using the Grammar of Graphics},
  author = {Hadley Wickham and Winston Chang and Lionel Henry and Thomas Lin Pedersen and Kohske Takahashi and Claus Wilke and Kara Woo and Hiroaki Yutani and Dewey Dunnington},
  year = {2020},
  note = {R package version 3.3.1},
  url = {https://CRAN.R-project.org/package=ggplot2},
}
@Manual{R-klic,
  title = {klic: Kernel Learning Integrative Clustering},
  author = {Alessandra Cabassi},
  year = {2020},
  note = {R package version 1.0.3},
  url = {http://github.com/acabassi/klic},
}
@Manual{R-knitr,
  title = {knitr: A General-Purpose Package for Dynamic Report Generation in R},
  author = {Yihui Xie},
  year = {2020},
  note = {R package version 1.28},
  url = {https://CRAN.R-project.org/package=knitr},
}
@Manual{R-lpSolve,
  title = {lpSolve: Interface to 'Lp_solve' v. 5.5 to Solve Linear/Integer Programs},
  author = {Michel Berkelaar and others},
  year = {2020},
  note = {R package version 5.6.15},
  url = {https://CRAN.R-project.org/package=lpSolve},
}
@Manual{R-magrittr,
  title = {magrittr: A Forward-Pipe Operator for R},
  author = {Stefan Milton Bache and Hadley Wickham},
  year = {2014},
  note = {R package version 1.5},
  url = {https://CRAN.R-project.org/package=magrittr},
}
@Manual{R-mcclust,
  title = {mcclust: Process an MCMC Sample of Clusterings},
  author = {Arno Fritsch},
  year = {2012},
  note = {R package version 1.0},
  url = {https://CRAN.R-project.org/package=mcclust},
}
@Manual{R-mclust,
  title = {mclust: Gaussian Mixture Modelling for Model-Based Clustering,
Classification, and Density Estimation},
  author = {Chris Fraley and Adrian E. Raftery and Luca Scrucca},
  year = {2020},
  note = {R package version 5.4.6},
  url = {https://CRAN.R-project.org/package=mclust},
}
@Manual{R-mdiHelpR,
  title = {mdiHelpR: Helper Functions for Analysis of Sampling-Based Clustering Methods},
  author = {Stephen Coleman},
  year = {2020},
  note = {R package version 1.0},
}
@Manual{R-mergeTrees,
  title = {mergeTrees: Aggregating Trees},
  author = {Audrey Hulot and Julien Chiquet and Guillem Rigaill},
  year = {2019},
  note = {R package version 0.1.3},
  url = {https://CRAN.R-project.org/package=mergeTrees},
}
@Manual{R-patchwork,
  title = {patchwork: The Composer of Plots},
  author = {Thomas Lin Pedersen},
  year = {2019},
  note = {R package version 1.0.0},
  url = {https://CRAN.R-project.org/package=patchwork},
}
@Manual{R-pheatmap,
  title = {pheatmap: Pretty Heatmaps},
  author = {Raivo Kolde},
  year = {2019},
  note = {R package version 1.0.12},
  url = {https://CRAN.R-project.org/package=pheatmap},
}
@Manual{R-rmarkdown,
  title = {rmarkdown: Dynamic Documents for R},
  author = {JJ Allaire and Yihui Xie and Jonathan McPherson and Javier Luraschi and Kevin Ushey and Aron Atkins and Hadley Wickham and Joe Cheng and Winston Chang and Richard Iannone},
  year = {2020},
  note = {R package version 2.2},
  url = {https://CRAN.R-project.org/package=rmarkdown},
}
@Manual{R-tibble,
  title = {tibble: Simple Data Frames},
  author = {Kirill Müller and Hadley Wickham},
  year = {2020},
  note = {R package version 3.0.1},
  url = {https://CRAN.R-project.org/package=tibble},
}
@Manual{R-tidyr,
  title = {tidyr: Tidy Messy Data},
  author = {Hadley Wickham and Lionel Henry},
  year = {2020},
  note = {R package version 1.1.0},
  url = {https://CRAN.R-project.org/package=tidyr},
}
@Book{bookdown2016,
  title = {bookdown: Authoring Books and Technical Documents with {R} Markdown},
  author = {Yihui Xie},
  publisher = {Chapman and Hall/CRC},
  address = {Boca Raton, Florida},
  year = {2016},
  note = {ISBN 978-1138700109},
  url = {https://github.com/rstudio/bookdown},
}
@Article{coca2019,
  author = {Alessandra Cabassi and Paul DW Kirk},
  title = {Multiple kernel learning for integrative consensus clustering of genomic datasets.},
  year = {2019},
  url = {https://arxiv.org/abs/1904.07701},
  journal = {arXiv},
}
@Article{coda2006,
  title = {CODA: Convergence Diagnosis and Output Analysis for MCMC},
  author = {Martyn Plummer and Nicky Best and Kate Cowles and Karen Vines},
  journal = {R News},
  year = {2006},
  volume = {6},
  number = {1},
  pages = {7--11},
  url = {https://journal.r-project.org/archive/},
  pdf = {https://www.r-project.org/doc/Rnews/Rnews_2006-1.pdf},
}
@Book{ggplot22016,
  author = {Hadley Wickham},
  title = {ggplot2: Elegant Graphics for Data Analysis},
  publisher = {Springer-Verlag New York},
  year = {2016},
  isbn = {978-3-319-24277-4},
  url = {https://ggplot2.tidyverse.org},
}
@Article{klic2019,
  author = {Alessandra Cabassi and Paul DW Kirk},
  title = {Multiple kernel learning for integrative consensus clustering of genomic datasets.},
  year = {2019},
  url = {https://arxiv.org/abs/1904.07701},
  journal = {arXiv},
}
@Book{knitr2015,
  title = {Dynamic Documents with {R} and knitr},
  author = {Yihui Xie},
  publisher = {Chapman and Hall/CRC},
  address = {Boca Raton, Florida},
  year = {2015},
  edition = {2nd},
  note = {ISBN 978-1498716963},
  url = {https://yihui.org/knitr/},
}
@InCollection{knitr2014,
  booktitle = {Implementing Reproducible Computational Research},
  editor = {Victoria Stodden and Friedrich Leisch and Roger D. Peng},
  title = {knitr: A Comprehensive Tool for Reproducible Research in {R}},
  author = {Yihui Xie},
  publisher = {Chapman and Hall/CRC},
  year = {2014},
  note = {ISBN 978-1466561595},
  url = {http://www.crcpress.com/product/isbn/9781466561595},
}
@Article{mclust2016,
  title = {{mclust} 5: clustering, classification and density estimation using {G}aussian finite mixture models},
  author = {Luca Scrucca and Michael Fop and T. Brendan Murphy and Adrian E. Raftery},
  journal = {The {R} Journal},
  year = {2016},
  volume = {8},
  number = {1},
  pages = {289--317},
  url = {https://doi.org/10.32614/RJ-2016-021},
}
@Book{rmarkdown2018,
  title = {R Markdown: The Definitive Guide},
  author = {Yihui Xie and J.J. Allaire and Garrett Grolemund},
  publisher = {Chapman and Hall/CRC},
  address = {Boca Raton, Florida},
  year = {2018},
  note = {ISBN 9781138359338},
  url = {https://bookdown.org/yihui/rmarkdown},
}
