@inproceedings{law2003feature,
  title={Feature selection in mixture-based clustering},
  author={Law, Martin H and Jain, Anil K and Figueiredo, M{\'a}rio},
  booktitle={Advances in neural information processing systems},
  pages={641--648},
  year={2003}
}
